
@InProceedings{recsysChallenge,
  author    = {Chen, Ching-Wei and Lamere, Paul and Schedl, Markus and Zamani, Hamed},
  booktitle = {Proceedings of the 12th ACM Conference on Recommender Systems},
  title     = {Recsys Challenge 2018: Automatic Music Playlist Continuation},
  location  = {Vancouver, British Columbia, Canada},
  publisher = {Association for Computing Machinery},
  keywords  = {dataset, evaluation, music recommendation systems, automatic playlist continuation, benchmark, challenge, recommender systems},
  numpages  = {2},
  year      = {2018},
}
